

@online{Breakout-40,
    author = "Damien McFerran",
    title = "Atari's Breakout is 40 today - all gamers need to know how it came to be",
    url  = "https://www.digitalspy.com/videogames/a790432/atari-breakout-40-today-all-gamers-need-to-know-how-it-came-to-be/",
    addendum = "(accessed: 02.24.2023)",
    keywords = "Atari"
}
 
@online{Market-Size,
    author = "J. Clement",
    title = "Market size of the video games industry in the United States from 2013 to 2023",
    url  = "https://www.statista.com/statistics/246892/value-of-the-video-game-market-in-the-us/",
    addendum = "(accessed: 02.24.2023)",
    keywords = "Stats"
}

@online{Study,
    author = "Grrishma Balakrishnan, Gurunandan Uppinakudru, Gaur Girwar Singh, Shobith Bangera, Aswini Dutt Raghavendra, Ginesh Thangavel",
    title = "A Comparative Study on Visual Choice Reaction Time for Different Colors in Females",
    url  = "https://www.ncbi.nlm.nih.gov/pmc/articles/PMC4280496/",
    addendum = "(accessed: 02.24.2023)",
    keywords = "Study"
}